@article{einstein,
    author = {Albert Einstein},
    title = {Zur Elektrodynamik bewegter K{\"o}rper. (German) [On the electrodynamics of moving bodies]},
    journaltitle = {Annalen der Physik},
    year = {1905},
    volume = {322},
    number = {10},
    pages = {891-921},
    doi = {http://dx.doi.org/10.1002/andp.19053221004}
}

@online{knuthwebsite,
    author        = {Donald Knuth},
    title         = {Knuth: Computers and Typesetting},
    year          = {1984},
    url           = {http://www-cs-faculty.stanford.edu/~uno/abcde.html}
}

@book{latexcompanion,
    author        = {Michel Goossens and Frank Mittelbach and Alexander Samarin},
    title         = {The \LaTeX\ Companion},
    year          = {1993},
    publisher     = {Addison-Wesley},
    location      = {Reading, Massachusetts}
}

@book{nelson,
    author={Robert M. Kliegman, Bonita F. Stanton, Joseph W. St Geme III and Nina F. Schor},
    title={Nelson: Textbook of Pediatrics},
    year={2016},
    publisher={Elsevier},
    volume={1,2},
    edition={20},
    location={Philadelphia, Pennsylvania}
}

@article{7.1article,
	author= {Consensus Conference GLNBI-SIP},
	title={Nuove indicazioni del GLNBI-SIP per l'accoglienza sanitaria al minore migrante},
	year={2013}
}

@article{7.4article,
  title={Internationally adopted children: not only infectious diseases!},
  author={Totaro, C. and Bortone, B. and Putignano, P. and Sollai, S. and Galli, L. and de Martino, M. and Chiappini, E.},
  journal={Journal of travel medicine},
  volume={25},
  number={1},
  pages={1â€“5},
  year={2018},
  doi={http://dx.doi.org/10.1093/jtm/tay036}
}

@article{8article,
  title={Bambino adottato: non pensiamo solo alle infezioni!},
  author={Totaro, C. and Bortone, B. and Putignano, P. and Galli, L. and Martino, M. and Chiappini E.},
  journal={Medico e Bambino},
  volume={37},
  number={5},
  pages={307-312},
  year={2018},
 }